@inproceedings{chen2004concurrent,
  title={Concurrent signatures},
  author={Chen, Liqun and Kudla, Caroline and Paterson, Kenneth G},
  booktitle={International Conference on the Theory and Applications of Cryptographic Techniques},
  pages={287--305},
  year={2004},
  organization={Springer}
}
@InProceedings{pcstern96,
author="Pointcheval, David
and Stern, Jacques",
editor="Maurer, Ueli",
title="Security Proofs for Signature Schemes",
booktitle="Advances in Cryptology --- EUROCRYPT '96",
year="1996",
publisher="Springer Berlin Heidelberg",
address="Berlin, Heidelberg",
pages="387--398",
abstract="In this paper, we address the question of providing security proofs for signature schemes in the so-called random oracle model [1]. In particular, we establish the generality of this technique against adaptively chosen message attacks. Our main application achieves such a security proof for a slight variant of the El Gamal signature scheme [4] where committed values are hashed together with the message. This is a rather surprising result since the original El Gamal is, as RSA [11], subject to existential forgery.",
isbn="978-3-540-68339-1"
}
@inproceedings{abe20021,
  title={1-out-of-n signatures from a variety of keys},
  author={Abe, Masayuki and Ohkubo, Miyako and Suzuki, Koutarou},
  booktitle={International Conference on the Theory and Application of Cryptology and Information Security},
  pages={415--432},
  year={2002},
  organization={Springer}
}
@inproceedings{asokan1998optimistic,
  title={Optimistic fair exchange of digital signatures},
  author={Asokan, Nadarajah and Shoup, Victor and Waidner, Michael},
  booktitle={International Conference on the Theory and Applications of Cryptographic Techniques},
  pages={591--606},
  year={1998},
  organization={Springer}
}
@article{schnorr1991efficient,
  title={Efficient signature generation by smart cards},
  author={Schnorr, Claus-Peter},
  journal={Journal of cryptology},
  volume={4},
  number={3},
  pages={161--174},
  year={1991},
  publisher={Springer}
}
@book{katz2014introduction,
  title={Introduction to modern cryptography},
  author={Katz, Jonathan and Lindell, Yehuda},
  year={2014},
  publisher={CRC press}
}
@article{pointcheval2000security,
  title={Security arguments for digital signatures and blind signatures},
  author={Pointcheval, David and Stern, Jacques},
  journal={Journal of cryptology},
  volume={13},
  number={3},
  pages={361--396},
  year={2000},
  publisher={Springer}
}
